@article{garzon2024ultra,
  title={Ultra-low-energy defibrillation through adjoint optimization},
  author={Garzon, Alejandro and Grigoriev, Roman O},
  journal={arXiv preprint arXiv:2407.05115},
  year={2024},
  url={https://arxiv.org/abs/2407.05115}, 
}

@article{garzon2024chaos,
  title={Ultra-low-energy defibrillation through adjoint optimization},
  author={Garz{\'o}n, Alejandro and Grigoriev, Roman O},
  journal={Chaos: An Interdisciplinary Journal of Nonlinear Science},
  volume=34,
  number=11,
  pages=113110,
  year=2024,
  doi={10.1063/5.0222247},
  publisher={AIP Publishing}
}